@article{savaresi2004,
 author = {Savaresi, Sergio M. and Boley, Daniel L.},
 title = {A comparative analysis on the bisecting K-means and the PDDP clustering algorithms},
 journal = {Intell. Data Anal.},
 volume = {8},
 number = {4},
 year = {2004},
 pages = {345--362},
 numpages = {18},
 acmid = {1293808},
 publisher = {IOS Press},
 address = {Amsterdam, The Netherlands, The Netherlands},
 keywords = {K-means, principal direction divisive partitioning, unsupervised clustering},
}

@INPROCEEDINGS{steinbach2000,
 author = {Michael Steinbach and George Karypis and Vipin Kumar},
 title = {A comparison of document clustering techniques},
 booktitle = {KDD Workshop on Text Mining},
 year = {2000},
}

@inproceedings{murtagh1985,
  author = "Murtagh, F.",
  year = "1985",
  title = "Multidimensional Clustering algorithms",
  booktitle = "Compstat Lectures",
  volume = "4",
  pages = "59--87",
  address = "Wuerzburg",
  publisher = "Physica-Verlag",
}

@article{lance1967,
  author = {Lance, G. N. and Williams, W. T.}, 
  title = {A General Theory of Classificatory Sorting Strategies: 1. Hierarchical Systems},
  volume = {9}, 
  number = {4}, 
  pages = {373--380}, 
  year = {1967}, 
  doi = {10.1093/comjnl/9.4.373},
  eprint = {http://comjnl.oxfordjournals.org/content/9/4/373.full.pdf+html}, 
  journal = {The Computer Journal} 
}

@incollection{berkhin2002,
 author = {Berkhin, P.},
 title = {A survey of clustering data mining techniques},
 booktitle = {Grouping Multidimensional Data: Recent Advances in Clustering},
 year = {2006},
 publisher = {Springer Berlin Heidelberg},
 address = {Berlin, Heidelberg},
 pages = {25--71},
 doi = {10.1007/3-540-28349-8_2},
}

@incollection{manning2008,
 author = {Manning, Christopher D. and Raghavan, Prabhakar and Sch\"{u}tze, Hinrich},
 title = {Hierarchical clustering},
 booktitle = {Introduction to Information Retrieval},
 year = {2008},
 publisher = {Cambridge University Press},
 pages={377--401},
 address = {New York, NY, USA},
} 

@book{jain1988,
 author = {Jain, Anil K. and Dubes, Richard C.},
 title = {Algorithms for Clustering Data},
 year = {1988},
 publisher = {Prentice-Hall, Inc.},
 address = {Upper Saddle River, NJ, USA},
}

@article{defays1977,
 author = {Defays, D.}, 
 title = {An efficient algorithm for a complete link method},
 volume = {20}, 
 number = {4}, 
 pages = {364-366}, 
 year = {1977},
 doi = {10.1093/comjnl/20.4.364}, 
 journal = {The Computer Journal} 
}

@article{karypis1999,
 author = {Karypis, George and Han, Eui-Hong (Sam) and Kumar, Vipin},
 title = {Chameleon: hierarchical clustering using dynamic modeling},
 journal = {The Computer Journal},
 volume = {32},
 number = {8},
 year = {1999},
 pages = {68--75},
 numpages = {8},
 doi = {10.1109/2.781637},
 acmid = {621303},
 publisher = {IEEE Computer Society Press},
 address = {Los Alamitos, CA, USA},
}

@article{guha1998,
 author = {Guha, Sudipto and Rastogi, Rajeev and Shim, Kyuseok},
 title = {CURE: an efficient clustering algorithm for large databases},
 journal = {SIGMOD Rec.},
 volume = {27},
 number = {2},
 year = {1998},
 pages = {73--84},
 doi = {10.1145/276305.276312},
 publisher = {ACM},
 address = {New York, NY, USA},
}

@article{day1984,
 author="Day, William H. E. and Edelsbrunner, Herbert",
 title="Efficient algorithms for agglomerative hierarchical clustering methods",
 journal="Journal of Classification",
 volume="1",
 number="1",
 year="1984",
 pages="7--24",
 doi="10.1007/BF01890115",
}

@article{voorhees1986,
 author = {Voorhees, Ellen M},
 title = {Implementing agglomerative hierarchic clustering algorithms for use in document retrieval},
 journal = {Inf. Process. Manage.},
 volume = {22},
 number = {6},
 year = {1986},
 pages = {465--476},
 numpages = {12},
 doi = {10.1016/0306-4573(86)90097-X},
 acmid = {23067},
 publisher = {Pergamon Press, Inc.},
 address = {Tarrytown, NY, USA},
}

@misc{murtagh2011,
  author = {Fionn Murtagh and Pedro Contreras},
  title = {Methods of hierarchical clustering},
  year = {2011},
  note = {arXiv:1105.0121},
  eprint = {arXiv:1105.0121},
}

@misc{mullner2011,
  author = {Daniel Müllner},
  title = {Modern hierarchical, agglomerative clustering algorithms},
  year = {2011},
  note = {arXiv:1109.2378},
  eprint = {arXiv:1109.2378},
}

@article{dasgupta2005,
 author = {Dasgupta, Sanjoy and Long, Philip M.},
 title = {Performance guarantees for hierarchical clustering},
 journal = {Journal of Computer and System Sciences},
 volume = {70},
 number = {4},
 year = {2005},
 pages = {555--569},
 doi = {10.1016/j.jcss.2004.10.006},
 publisher = {Academic Press, Inc.},
 address = {Orlando, FL, USA},
}

@article{boley1998,
 author="Boley, Daniel",
 title="Principal direction divisive partitioning",
 journal="Data Mining and Knowledge Discovery",
 volume="2",
 number="4",
 pages="325--344",
 year="1998",
 doi="10.1023/A:1009740529316",
}

@article{sibson1973,
 author    = {R. Sibson},
 title     = {{SLINK:} an optimally efficient algorithm for the single-link cluster method},
 journal   = {The Computer Journal},
 volume    = {16},
 number    = {1},
 pages     = {30--34},
 year      = {1973},
 doi       = {10.1093/comjnl/16.1.30},
}

@article{defays1977,
  author = {D. Defays},
  title = {An efficient algorithm for a complete link method},
  journal = {The Computer Journal},
  volume = {20},
  number = {4},
  pages = {364--366},
  year = {1977},
}

@article{hartigan1985,
  author="Hartigan, J. A.",
  title="Statistical theory in clustering",
  journal="Journal of Classification",
  volume="2",
  number="1",
  pages="63--76",
  year="1985",
  doi="10.1007/BF01908064",
}

@article{gower1967,
 author = {J. C. Gower},
 journal = {Biometrics},
 number = {4},
 pages = {623-637},
 publisher = {[Wiley, International Biometric Society]},
 title = {A Comparison of some methods of cluster analysis},
 volume = {23},
 year = {1967}
}

@article{gower1969,
 author = {Gower, J. C. and Ross, G. J. S.},
 title = {Minimum spanning trees and single linkage cluster analysis},
 journal = {Journal of the Royal Statistical Society. Series C (Applied Statistics)},
 publisher = {Blackwell Publishing for the Royal Statistical Society},
 volume = {18},
 pages = {54--64},
 number = {1},
 year = {1969}
}

@article{rohlf1973,
  author = {F. James Rohlf},
  title = {Algorithm 76: Hierarchical clustering using the minimum spanning tree},
  journal = {The Computer Journal},
  volume = {16},
  number = {1},
  pages = {93--95},
  year = {1973},
}

@article{prim1957,
  author = {Prim, R. C.},
  journal = {The Bell Systems Technical Journal},
  number = {6},
  pages = {1389--1401},
  title = {Shortest Connection Networks and some Generalizations},
  volume = {36},
  year = {1957}
}

@inproceedings{kruskal1956,
  author = {Kruskal, J. B.},
  booktitle = {Proceedings of the American Mathematical Society},
  title = {On the shortest spanning subtree of a graph and the traveling salesman problem},
  publisher = {American Mathematical Society},
  year = {1956},
  volume = {7},
  pages = {48--50},
}

@misc{clinkurl,
  title = "Fast algorithms for single, average/UPGMA and complete linkage clustering.",
  howpublished = "\url{https://hackage.haskell.org/package/hierarchical-clustering-0.4.6/docs/Data-Clustering-Hierarchical.html}",
}

@INPROCEEDINGS{sileshi2009,
  author = {Sileshi, M. and Gambäck, B.},
  title = {Evaluating clustering algorithms: Cluster quality and feature selection in content-based image clustering},
  booktitle = {2009 World Congress on Computer Science and Information Engineering}, 
  volume = {6},
  pages = {435--441},
  publisher = {IEEE},
  year = {2009},
}


@article{zhang1996,
 author = {Zhang, Tian and Ramakrishnan, Raghu and Livny, Miron},
 title = {BIRCH: an efficient data clustering method for very large databases},
 journal = {SIGMOD Rec.},
 volume = {25},
 number = {2},
 year = {1996},
 pages = {103--114},
 doi = {10.1145/235968.233324},
 publisher = {ACM},
 address = {New York, NY, USA},
} 

@article{guha2000,
 author = {Guha, Sudipto and Rastogi, Rajeev and Shim, Kyuseok},
 title = {ROCK: a robust clustering algorithm for categorical attributes},
 journal = {Inf. Syst.},
 volume = {25},
 number = {5},
 year = {2000},
 pages = {345--366},
 doi = {10.1016/S0306-4379(00)00022-3},
 publisher = {Elsevier Science Ltd.},
 address = {Oxford, UK, UK},
} 