@article{Rahm2000,
    author = {Erhard Rahm and Hong Hai Do},
    title = {Data Cleaning: Problems and Current Approaches},
    journal = {IEEE Data Engineering Bulletin},
    year = {2000},
    volume = {23},
    pages = {2000}
}

@misc{Hellerstein2008,
  author = {Joseph M. Hellerstein},
  title = {Quantitative Data Cleaning for Large Databases},
  year = {2008}
}

@article{Ilyas2015,
 author = {Ilyas, Ihab F. and Chu, Xu},
 title = {Trends in Cleaning Relational Data: Consistency and Deduplication},
 journal = {Found. Trends databases},
 issue_date = {10 2015},
 volume = {5},
 number = {4},
 month = oct,
 year = {2015},
 issn = {1931-7883},
 pages = {281--393},
 numpages = {113},
 url = {http://dx.doi.org/10.1561/1900000045},
 doi = {10.1561/1900000045},
 acmid = {2858986},
 publisher = {Now Publishers Inc.},
 address = {Hanover, MA, USA}
} 

@inproceedings{Khayyat2015,
 author = {Khayyat, Zuhair and Ilyas, Ihab F. and Jindal, Alekh and Madden, Samuel and Ouzzani, Mourad and Papotti, Paolo and Quian{\'e}-Ruiz, Jorge-Arnulfo and Tang, Nan and Yin, Si},
 title = {BigDansing: A System for Big Data Cleansing},
 booktitle = {Proceedings of the 2015 ACM SIGMOD International Conference on Management of Data},
 series = {SIGMOD '15},
 year = {2015},
 isbn = {978-1-4503-2758-9},
 location = {Melbourne, Victoria, Australia},
 pages = {1215--1230},
 numpages = {16},
 url = {http://doi.acm.org/10.1145/2723372.2747646},
 doi = {10.1145/2723372.2747646},
 acmid = {2747646},
 publisher = {ACM},
 address = {New York, NY, USA},
 keywords = {cleansing abstraction, distributed data cleansing, distributed data repair, schema constraints},
} 


@inproceedings{Chu2016,
 author = {Chu, Xu and Ilyas, Ihab F. and Krishnan, Sanjay and Wang, Jiannan},
 title = {Data Cleaning: Overview and Emerging Challenges},
 booktitle = {Proceedings of the 2016 International Conference on Management of Data},
 series = {SIGMOD '16},
 year = {2016},
 isbn = {978-1-4503-3531-7},
 location = {San Francisco, California, USA},
 pages = {2201--2206},
 numpages = {6},
 url = {http://doi.acm.org/10.1145/2882903.2912574},
 doi = {10.1145/2882903.2912574},
 acmid = {2912574},
 publisher = {ACM},
 address = {New York, NY, USA},
 keywords = {data cleaning, data quality, integrity constraints, sampling, statistical cleaning},
} 

@article{Chu2016-2,
 author = {Chu, Xu and Ilyas, Ihab F.},
 title = {Qualitative Data Cleaning},
 journal = {Proc. VLDB Endow.},
 issue_date = {September 2016},
 volume = {9},
 number = {13},
 month = sep,
 year = {2016},
 issn = {2150-8097},
 pages = {1605--1608},
 numpages = {4},
 url = {http://dx.doi.org/10.14778/3007263.3007320},
 doi = {10.14778/3007263.3007320},
 acmid = {3007320},
 publisher = {VLDB Endowment},
}

@article{Abedjan2016,
 author = {Abedjan, Ziawasch and Chu, Xu and Deng, Dong and Fernandez, Raul Castro and Ilyas, Ihab F. and Ouzzani, Mourad and Papotti, Paolo and Stonebraker, Michael and Tang, Nan},
 title = {Detecting Data Errors: Where Are We and What Needs to Be Done?},
 journal = {Proc. VLDB Endow.},
 issue_date = {August 2016},
 volume = {9},
 number = {12},
 month = aug,
 year = {2016},
 issn = {2150-8097},
 pages = {993--1004},
 numpages = {12},
 url = {http://dx.doi.org/10.14778/2994509.2994518},
 doi = {10.14778/2994509.2994518},
 acmid = {2994518},
 publisher = {VLDB Endowment}
}
